
@article{musicbrainz,
  added-at = {2015-09-09T00:00:00.000+0200},
  author = {Swartz, Aaron},
  biburl = {https://www.bibsonomy.org/bibtex/28dada566d8a99f089dbd8b4d1c42c8a2/dblp},
  ee = {http://doi.ieeecomputersociety.org/10.1109/5254.988466},
  interhash = {7b429e829d280b7c5d6b1e501c5427d8},
  intrahash = {8dada566d8a99f089dbd8b4d1c42c8a2},
  journal = {IEEE Intelligent Systems},
  keywords = {dblp},
  number = 1,
  pages = {76-77},
  timestamp = {2015-09-10T11:36:34.000+0200},
  title = {MusicBrainz: A Semantic Web Service.},
  url = {http://dblp.uni-trier.de/db/journals/expert/expert17.html#Swartz02},
  volume = 17,
  year = 2002
}

@inproceedings{acousticbrainz,
  added-at = {2015-11-05T00:00:00.000+0100},
  author = {Porter, Alastair and Bogdanov, Dmitry and Kaye, Robert and Tsukanov, Roman and Serra, Xavier},
  biburl = {https://www.bibsonomy.org/bibtex/2fa1a13fa74208e5a99dc2619ea8c5286/dblp},
  booktitle = {ISMIR},
  crossref = {conf/ismir/2015},
  editor = {MÃ¼ller, Meinard and Wiering, Frans},
  ee = {http://ismir2015.uma.es/articles/210_Paper.pdf},
  interhash = {a51c5ad15dfbaeb54efaefba608eadb7},
  intrahash = {fa1a13fa74208e5a99dc2619ea8c5286},
  isbn = {978-84-606-8853-2},
  keywords = {dblp},
  pages = {786-792},
  timestamp = {2015-11-06T11:36:39.000+0100},
  title = {AcousticBrainz: A Community Platform for Gathering Music Information Obtained from Audio.},
  url = {http://dblp.uni-trier.de/db/conf/ismir/ismir2015.html#PorterBKTS15},
  year = 2015
}

@misc{icono, title={light and ready to use icons for your next project}, url={https://saeedalipoor.github.io/icono/}, journal={icono}, author={Alipoor, Saeed}}

@misc{imdb, title={The 100 Greatest Pop/Rock Bands}, url={https://www.imdb.com/list/ls076954447/}, journal={IMDb}, publisher={IMDb.com}}

@misc{nodejs, url={https://nodejs.org/en/}, journal={Node.js}, author={Foundation, Node.js}}